<record><leader>00000cas a2200000 a 4500</leader><controlfield tag="001">17196548</controlfield><controlfield tag="008">871207d19061909wauwn ne      0    0eng d</controlfield><datafield ind1=" " ind2=" " tag="010"><subfield code="a">sn 87093211 </subfield></datafield><datafield ind1=" " ind2=" " tag="040"><subfield code="a">SLZ</subfield><subfield code="b">eng</subfield><subfield code="c">SLZ</subfield><subfield code="d">OCL</subfield><subfield code="d">OCLCQ</subfield><subfield code="d">OCLCF</subfield><subfield code="d">OCLCO</subfield></datafield><datafield ind1="1" ind2=" " tag="029"><subfield code="a">AU@</subfield><subfield code="b">000025784020</subfield></datafield><datafield ind1=" " ind2=" " tag="042"><subfield code="a">msc</subfield></datafield><datafield ind1=" " ind2=" " tag="043"><subfield code="a">n-us-wa</subfield></datafield><datafield ind1="0" ind2="0" tag="245"><subfield code="a">Grays Harbor Washingtonian.</subfield></datafield><datafield ind1=" " ind2=" " tag="260"><subfield code="a">Hoquiam, Wash. :</subfield><subfield code="b">O.M. Moore</subfield></datafield><datafield ind1=" " ind2=" " tag="300"><subfield code="a">v.</subfield></datafield><datafield ind1="1" ind2=" " tag="362"><subfield code="a">Began in 1906?</subfield></datafield><datafield ind1="0" ind2=" " tag="362"><subfield code="a">20th year, no. 158 (Sept. 5, 1909).</subfield></datafield><datafield ind1=" " ind2=" " tag="588"><subfield code="a">Description based on: Vol. 4, no. 88 (July 1, 1906).</subfield></datafield><datafield ind1=" " ind2="0" tag="651"><subfield code="a">Hoquiam (Wash.)</subfield><subfield code="v">Newspapers.</subfield></datafield><datafield ind1=" " ind2="7" tag="655"><subfield code="a">Newspapers.</subfield><subfield code="2">fast</subfield><subfield code="0">(OCoLC)fst01423814</subfield></datafield><datafield ind1=" " ind2="7" tag="651"><subfield code="a">Washington (State)</subfield><subfield code="z">Hoquiam.</subfield><subfield code="2">fast</subfield><subfield code="0">(OCoLC)fst01218048</subfield></datafield><datafield ind1=" " ind2=" " tag="752"><subfield code="a">United States</subfield><subfield code="b">Washington</subfield><subfield code="c">Grays Harbor</subfield><subfield code="d">Hoquiam.</subfield></datafield><datafield ind1="0" ind2="0" tag="780"><subfield code="t">Daily Washingtonian (Hoquiam, Wash.)</subfield><subfield code="w">(DLC)sn 87093210</subfield></datafield><datafield ind1="0" ind2="0" tag="785"><subfield code="t">Grays Harbor daily Washingtonian</subfield><subfield code="w">(DLC)sn 87093209</subfield></datafield></record>